% Encoding: UTF-8

%%%
%
%Beim Erstellen der Bibtex-Datei wird empfohlen darauf zu achten, dass die DOI aufgeführt wird.
%
%%%

@Book{WSPA,
  author    = {Sanjiva Weerawarana and Francisco Curbera and Frank Leymann and Tony Storey and Donald F. Ferguson},
  title     = {Web Services Platform Architecture : SOAP, WSDL, WS-Policy, WS-Addressing, WS-BPEL, WS-Reliable Messaging, and More},
  year      = {2005},
  publisher = {Prentice Hall PTR},
  isbn      = {0131488740},
  doi       = {10.1.1/jpb001},
}


% !! DO NOT USE `label =   {ASF}` in other Misc entries !!

@Misc{ApacheODE,
  author = {{The Apache Software Foundation}},
  title =  {Apache ODE\texttrademark{} -- The Orchestration Director Engine},
  year =   {2016},
  label =  {ASF},
  url =    {http://ode.apache.org}
}

@Article{RVvdA2016,
  author =    {H.A. Reijers and I. Vanderfeesten and W.M.P. van der Aalst},
  title =     {The effectiveness of workflow management systems: A longitudinal study},
  journal =   {International Journal of Information Management},
  year =      {2016},
  volume =    {36},
  number =    {1},
  pages =     {126--141},
  month =     feb,
  doi =       {10.1016/j.ijinfomgt.2015.08.003},
  publisher = {Elsevier {BV}}
}

@Book{Duden2001,
  author    = {Duden},
  title     = {Die Deutsche Rechtschreibung},
  year      = {2001},
  edition   = {22., völlig neu bearbeitete und erweiterte Auflage},
  note      = {Aktualisierter Nachdruck},
  publisher = {Dudenverlag},
  isbn      = {3-411-04012-2},
}

@Comment{jabref-meta: databaseType:biblatex;}

% Ab hier die eigenen Einträge einfügen

@book{Zobel2004,
  title={Writing for Computer Science: The Art of Effective Communication},
  author={Zobel, J.},
  year={2004},
  publisher={Springer}
}

@book{Rechenberg2006,
  title={Technisches Schreiben: (Nicht nur) für Informatiker},
  author={Rechenberg, P.},
  year={2006},
  publisher={Hanser Fachbuchverlag}
}

@book{Deininger200X,
  title={Studien-Arbeiten: ein Leitfaden zur Vorbereitung, Durchführung und Betreuung von Studien-, Diplom-, Abschluss- und Doktorarbeiten am Beispiel Informatik},
  author={Deininger, M. and Lichter, H. and Ludewig, J. and Schneider, K.},
  publisher={vdf Hochschulverlag AG an der ETH Zürich}
}

@article{Shor1999,
  title={Polynomial-time algorithms for prime factorization and discrete logarithms on a quantum computer},
  author={Shor, P.W.},
  journal={SIAM Review},
  volume={41},
  number={2},
  pages={303--332},
  year={1999}
}

@inproceedings{Chitransh2022,
  title={A Multidisciplinary, Artistic Approach to Broadening the Accessibility of Quantum Science},
  author={Chitransh, S. and Fischer, D. and Kawalek, N. and LaRacuente, N. and Markman, J. and Gaunkar, S.P. and Zvi, U.},
  booktitle={2022 IEEE International Conference on Quantum Computing and Engineering (QCE)},
  pages={701--708},
  year={2022},
  organization={IEEE}
}

@inproceedings{Juhas2022,
  title={Low-code platforms and languages: the future of software development},
  author={Juhás, G. and Molnár, L. and Juhásová, A. and Ondrišová, M. and Mladoniczky, M. and Kováčik, T.},
  booktitle={2022 20th International Conference on Emerging eLearning Technologies and Applications (ICETA)},
  pages={286--293},
  year={2022},
  organization={IEEE}
}

@book{Rieffel2011,
  title={Quantum computing: A gentle introduction},
  author={Rieffel, E.G. and Polak, W.H.},
  year={2011},
  publisher={MIT Press},
  month={3}
}

@inproceedings{Buscher2022,
  title={The Use of Low-Code During a Skill Shortage},
  author={Büscher, A. and Schilberg, D. and Wiegert, L.},
  booktitle={ASME International Mechanical Engineering Congress and Exposition},
  year={2022},
  volume={86649},
  pages={V02BT02A027},
  organization={American Society of Mechanical Engineers}
}

@article{Motta2022,
  title={Emerging quantum computing algorithms for quantum chemistry},
  author={Motta, M. and Rice, J.E.},
  journal={Wiley Interdisciplinary Reviews: Computational Molecular Science},
  volume={12},
  number={3},
  pages={e1580},
  year={2022}
}

@article{Cerezo2021,
  title={Variational quantum algorithms},
  author={Cerezo, M. and Arrasmith, A. and Babbush, R. and Benjamin, S.C. and Endo, S. and Fujii, K. and McClean, J.R. and Mitarai, K. and Yuan, X. and Cincio, L. and Coles, P.J.},
  journal={Nature Reviews Physics},
  volume={3},
  number={9},
  pages={625--644},
  year={2021},
  month={9}
}

% systematic literature review
@misc{kitchenham2007guidelines,
  title={Guidelines for performing systematic literature reviews in software engineering},
  author={Kitchenham, Barbara and Charters, Stuart and others},
  year={2007},
  publisher={UK}
}

% low code definitions etc
@INPROCEEDINGS{sahay2020lowcode,
  author={Sahay, Apurvanand and Indamutsa, Arsene and Di Ruscio, Davide and Pierantonio, Alfonso},
  booktitle={2020 46th Euromicro Conference on Software Engineering and Advanced Applications (SEAA)}, 
  title={Supporting the understanding and comparison of low-code development platforms}, 
  year={2020},
  volume={},
  number={},
  pages={171-178},
  keywords={Data models;Software;Connectors;Visualization;Task analysis;Analytical models;Data integrity;Low-Code Development Platforms;Model Driven Engineering;Software Development},
  doi={10.1109/SEAA51224.2020.00036}}
