@article{ahmad2024reference,
  title={A reference architecture for quantum computing as a service},
  author={Ahmad, Aakash and Altamimi, Ahmed B and Aqib, Jamal},
  journal={Journal of King Saud University-Computer and Information Sciences},
  pages={102094},
  year={2024},
  publisher={Elsevier}
}

@inproceedings{lethbridge2021low,
  title={Low-code is often high-code, so we must design low-code platforms to enable proper software engineering},
  author={Lethbridge, Timothy C},
  booktitle={Leveraging Applications of Formal Methods, Verification and Validation: 10th International Symposium on Leveraging Applications of Formal Methods, ISoLA 2021, Rhodes, Greece, October 17--29, 2021, Proceedings 10},
  pages={202--212},
  year={2021},
  organization={Springer}
}

@article{moin2021mde4qai,
  title={MDE4qai: Towards model-driven engineering for quantum artificial intelligence},
  author={Moin, Armin and Challenger, Moharram and Badii, Atta and G{\"u}nnemann, Stephan},
  journal={arXiv preprint arXiv:2107.06708},
  year={2021}
}

@inproceedings{gemeinhardt2021towards,
  title={Towards model-driven quantum software engineering},
  author={Gemeinhardt, Felix and Garmendia, Antonio and Wimmer, Manuel},
  booktitle={2021 IEEE/ACM 2nd International Workshop on Quantum Software Engineering (Q-SE)},
  pages={13--15},
  year={2021},
  organization={IEEE}
}

@article{amato2023quantumoonlight,
  title={QuantuMoonLight: A low-code platform to experiment with quantum machine learning},
  author={Amato, Francesco and Cicalese, Matteo and Contrasto, Luca and Cubicciotti, Giacomo and D’Ambola, Gerardo and La Marca, Antonio and Pagano, Giuseppe and Tomeo, Fiorentino and Robertazzi, Gennaro Alessio and Vassallo, Gabriele and others},
  journal={SoftwareX},
  volume={22},
  pages={101399},
  year={2023},
  publisher={Elsevier}
}

@article{alonso2022engineering,
  title={Engineering the development of quantum programs: Application to the Boolean satisfiability problem},
  author={Alonso, Diego and S{\'a}nchez, Pedro and S{\'a}nchez-Rubio, Francisco},
  journal={Advances in Engineering Software},
  volume={173},
  pages={103216},
  year={2022},
  publisher={Elsevier}
}

@article{polat2024model,
  title={Model-Driven Engineering for Quantum Programming: A Case Study on Ground State Energy Calculation},
  author={Polat, Furkan and Tuncer, Hasan and Moin, Armin and Challenger, Moharram},
  journal={arXiv preprint arXiv:2405.17065},
  year={2024}
}

@article{khan2023software,
  title={Software architecture for quantum computing systems—A systematic review},
  author={Khan, Arif Ali and Ahmad, Aakash and Waseem, Muhammad and Liang, Peng and Fahmideh, Mahdi and Mikkonen, Tommi and Abrahamsson, Pekka},
  journal={Journal of Systems and Software},
  volume={201},
  pages={111682},
  year={2023},
  publisher={Elsevier}
}

@article{jimenez4074848transforming,
  title={Transforming quantum programs in KDM to quantum design models in UML},
  author={Jimenez-Navajas, Luis and Perez-Castillo, Ricardo and Piattini, Mario},
  journal={Available at SSRN 4074848}
}

@inproceedings{jimenez2020reverse,
  title={Reverse engineering of quantum programs toward KDM models},
  author={Jim{\'e}nez-Navajas, Luis and P{\'e}rez-Castillo, Ricardo and Piattini, Mario},
  booktitle={International Conference on the Quality of Information and Communications Technology},
  pages={249--262},
  year={2020},
  organization={Springer}
}

@article{murillo2024challenges,
  title={Challenges of quantum software engineering for the next decade: The road ahead},
  author={Murillo, Juan M and Garcia-Alonso, Jose and Moguel, Enrique and Barzen, Johanna and Leymann, Frank and Ali, Shaukat and Yue, Tao and Arcaini, Paolo and P{\'e}rez, Ricardo and de Guzm{\'a}n, Ignacio Garc{\'\i}a Rodr{\'\i}guez and others},
  journal={arXiv preprint arXiv:2404.06825},
  year={2024}
}

@article{alonso2023graph,
  title={A Graph-Based Approach for Modelling Quantum Circuits},
  author={Alonso, Diego and S{\'a}nchez, Pedro and {\'A}lvarez, B{\'a}rbara},
  journal={Applied Sciences},
  volume={13},
  number={21},
  pages={11794},
  year={2023},
  publisher={MDPI}
}

@article{wille2018model,
  title={A Model-Driven Framework for Composition-Based Quantum Circuit Design},
  author={WILLE, ROBERT},
  year={2018}
}

@article{nguyen2024qfaas,
  title={Qfaas: A serverless function-as-a-service framework for quantum computing},
  author={Nguyen, Hoa T and Usman, Muhammad and Buyya, Rajkumar},
  journal={Future Generation Computer Systems},
  volume={154},
  pages={281--300},
  year={2024},
  publisher={Elsevier}
}

@inproceedings{perez2023generation,
  title={Generation of Classical-Quantum Code from UML models},
  author={P{\'e}rez-Castillo, Ricardo and Jim{\'e}nez-Navajas, Luis and Cantalejo, Iv{\'a}n and Piattini, Mario},
  booktitle={2023 IEEE International Conference on Quantum Computing and Engineering (QCE)},
  volume={2},
  pages={165--168},
  year={2023},
  organization={IEEE}
}

@article{perez2022design,
  title={Design of classical-quantum systems with UML},
  author={P{\'e}rez-Castillo, Ricardo and Piattini, Mario},
  journal={Computing},
  volume={104},
  number={11},
  pages={2375--2403},
  year={2022},
  publisher={Springer}
}

@article{alonso2023graph,
  title={A graph-based approach for modelling quantum circuits},
  author={Alonso C{\'a}ceres, Diego and S{\'a}nchez Palma, Pedro and {\'A}lvarez Torres, Mar{\'\i}a B{\'a}rbara and others},
  year={2023},
  publisher={MDPI}
}

@inproceedings{beisel2023practical,
  title={A Practical Introduction for Developing and Operating Hybrid Quantum Applications},
  author={Beisel, Martin and Gemeinhardt, Felix and Salm, Marie and Weder, Benjamin},
  booktitle={International Conference on Web Engineering},
  pages={409--412},
  year={2023},
  organization={Springer}
}

@inproceedings{jimenez2021kdm,
  title={Kdm to uml model transformation for quantum software modernization},
  author={Jim{\'e}nez-Navajas, Luis and P{\'e}rez-Castillo, Ricardo and Piattini, Mario},
  booktitle={International Conference on the Quality of Information and Communications Technology},
  pages={211--224},
  year={2021},
  organization={Springer}
}

@inproceedings{ali2020modeling,
  title={Modeling quantum programs: Challenges, initial results, and research directions},
  author={Ali, Shaukat and Yue, Tao},
  booktitle={Proceedings of the 1st ACM SIGSOFT International Workshop on Architectures and Paradigms for Engineering Quantum Software},
  pages={14--21},
  year={2020}
}

@article{gill2024quantum,
  title={Quantum Computing: Vision and Challenges},
  author={Gill, Sukhpal Singh and Cetinkaya, Oktay and Marrone, Stefano and Combarro, Elias F and Claudino, Daniel and Haunschild, David and Schlote, Leon and Wu, Huaming and Ottaviani, Carlo and Liu, Xiaoyuan and others},
  journal={arXiv preprint arXiv:2403.02240},
  year={2024}
}